<record><leader>00000cas a22000007a 4500</leader><controlfield tag="001">10554959</controlfield><controlfield tag="008">840323d18731881nbuwr ne      0    0eng d</controlfield><datafield ind1=" " ind2=" " tag="010"><subfield code="a">sn 84022740 </subfield></datafield><datafield ind1=" " ind2=" " tag="040"><subfield code="a">NPX</subfield><subfield code="b">eng</subfield><subfield code="c">NPX</subfield><subfield code="d">OCLCQ</subfield></datafield><datafield ind1=" " ind2=" " tag="042"><subfield code="a">msc</subfield></datafield><datafield ind1=" " ind2=" " tag="043"><subfield code="a">n-us-nb</subfield></datafield><datafield ind1="0" ind2="0" tag="245"><subfield code="a">Howard Co. advocate.</subfield></datafield><datafield ind1="1" ind2="3" tag="246"><subfield code="a">Howard County advocate</subfield></datafield><datafield ind1=" " ind2=" " tag="260"><subfield code="a">St. Paul, Neb. :</subfield><subfield code="b">J.N. Paul</subfield></datafield><datafield ind1=" " ind2=" " tag="300"><subfield code="a">volumes</subfield></datafield><datafield ind1=" " ind2=" " tag="310"><subfield code="a">Weekly</subfield></datafield><datafield ind1=" " ind2=" " tag="336"><subfield code="a">text</subfield><subfield code="b">txt</subfield><subfield code="2">rdacontent</subfield></datafield><datafield ind1=" " ind2=" " tag="337"><subfield code="a">unmediated</subfield><subfield code="b">n</subfield><subfield code="2">rdamedia</subfield></datafield><datafield ind1=" " ind2=" " tag="338"><subfield code="a">volume</subfield><subfield code="b">nc</subfield><subfield code="2">rdacarrier</subfield></datafield><datafield ind1="1" ind2=" " tag="362"><subfield code="a">Began with June 20, 1873 issue; ceased with Apr. 20, 1881 issue.</subfield><subfield code="z">Cf. Gregory, W. Amer. newspapers.</subfield></datafield><datafield ind1=" " ind2=" " tag="500"><subfield code="a">Editor: J.N. Paul, &lt;1876&gt;.</subfield></datafield><datafield ind1=" " ind2=" " tag="588"><subfield code="a">Description based on: Vol. 3, no. 39 (July 20, 1876).</subfield></datafield><datafield ind1="1" ind2=" " tag="700"><subfield code="a">Paul, James N.,</subfield><subfield code="d">1839-</subfield></datafield><datafield ind1=" " ind2=" " tag="752"><subfield code="a">United States</subfield><subfield code="b">Nebraska</subfield><subfield code="c">Howard</subfield><subfield code="d">Saint Paul.</subfield></datafield><datafield ind1="0" ind2="7" tag="785"><subfield code="t">St. Paul Democrat (St. Paul, Neb.)</subfield></datafield><datafield ind1="0" ind2="7" tag="785"><subfield code="t">St. Paul free press (St. Paul, Neb.)</subfield></datafield><datafield ind1="1" ind2=" " tag="029"><subfield code="a">AU@</subfield><subfield code="b">000025818016</subfield></datafield></record>